@article{Lotka1925,
  author = {A. J. Lotka},
  title = {V. Volterra},
  journal = {Elements of Physical Biology},
  year = {1925}
}

@article{Volterra1926,
  author = {V. Volterra},
  title = {Variazioni e fluttuazioni del numero d'individui in specie animali conviventi},
  journal = {Memoria della Reale Accademia Nazionale dei Lincei},
  year = {1926}
}

@incollection{Shertzer2014,
  title = {Fishery Modelsâ˜†},
  booktitle = {Reference Module in Earth Systems and Environmental Sciences},
  publisher = {Elsevier},
  year = {2014},
  isbn = {978-0-12-409548-9},
  doi = {https://doi.org/10.1016/B978-0-12-409548-9.09406-9},
  url = {https://www.sciencedirect.com/science/article/pii/B9780124095489094069},
  author = {K.W. Shertzer and E.H. Williams and M.H. Prager and D.S. Vaughan}
}

@misc{FIU_Lecture4,
  title = {Advanced Ecology Lecture 4},
  howpublished = {Online Slideshow},
  year = {n.d.},
  url = {https://faculty.fiu.edu/~trexlerj/Advanced_Ecology/AE12_Lecture_4.pdf},
  note = {Accessed: 2024-08-02},
  institution = {Florida International University}
}

@article{Dunning1995,
  title = {Spatially Explicit Population Models: Current Forms and Future Uses},
  author = {John B. Dunning, Jr. and David J. Stewart and Brent J. Danielson and Barry R. Noon and Terry L. Root and Roland H. Lamberson and Ernest E. Stevens},
  journal = {Ecological Applications},
  volume = {5},
  number = {1},
  pages = {3-11},
  year = {1995},
  publisher = {Ecological Society of America},
  institution = {Institute of Ecology, University of Georgia, Athens, Georgia 30602 USA, Department of Animal Ecology, Iowa State University, Ames, Iowa 50011 USA, Redwood Science Laboratory, U.S. Forest Service, Arcata, California 95521 USA, School of Natural Resources and Environment, University of Michigan, Ann Arbor, Michigan 48109 USA, Mathematics Department, Humboldt State University, Arcata, California 95521 USA, Southeastern Forest Experiment Station, U.S. Forest Service, Department of Forest Resources, Clemson University, Clemson, South Carolina 29634 USA},
  url = {https://www.fs.usda.gov/psw/publications/4251/dunning1.PDF}
}
